<record><leader>00000cas a22000007a 4500</leader><controlfield tag="001">19598936</controlfield><controlfield tag="008">890425d19321943mouwr ne      0    0eng d</controlfield><datafield ind1=" " ind2=" " tag="010"><subfield code="a">sn 89066500 </subfield></datafield><datafield ind1=" " ind2=" " tag="040"><subfield code="a">MQN</subfield><subfield code="b">eng</subfield><subfield code="c">MQN</subfield><subfield code="d">OCLCQ</subfield></datafield><datafield ind1=" " ind2=" " tag="042"><subfield code="a">msc</subfield></datafield><datafield ind1="0" ind2=" " tag="130"><subfield code="a">Bunceton eagle (Bunceton, Mo. : 1932)</subfield></datafield><datafield ind1="1" ind2="4" tag="245"><subfield code="a">The Bunceton eagle.</subfield></datafield><datafield ind1=" " ind2=" " tag="260"><subfield code="a">Bunceton, Mo. :</subfield><subfield code="b">Hougas &amp; Richards,</subfield><subfield code="c">1932-1943.</subfield></datafield><datafield ind1=" " ind2=" " tag="300"><subfield code="a">v.</subfield></datafield><datafield ind1=" " ind2=" " tag="310"><subfield code="a">Weekly</subfield></datafield><datafield ind1="0" ind2=" " tag="362"><subfield code="a">Vol. 43, no. 35 (Jan. 8, 1932)-v. 55, no. 22 (Oct. 29, 1943).</subfield></datafield><datafield ind1=" " ind2=" " tag="752"><subfield code="a">United States</subfield><subfield code="b">Missouri</subfield><subfield code="c">Cooper</subfield><subfield code="d">Bunceton.</subfield></datafield><datafield ind1="0" ind2="0" tag="780"><subfield code="t">Bunceton weekly eagle</subfield><subfield code="w">(DLC)sn 89066499</subfield></datafield></record>